% This file was created with JabRef 2.7b.
% Encoding: UTF-8

%@STRING{ProcNAS = {Proceedings of the National Academy of Sciences}}
@STRING{ICESJMS = {ICES Journal of Marine Science: Journal du Conseil}}

%ICES (2004) Report of the planning group on commercial catch, discards and biological sampling. 60 p. ICES Document CM 2004/ACFM: 13.

%STECF (2011) Evaluation of Fishing Effort Regimes Regarding Annexes IIA, IIB and IIC of TAC & Quota Regulations, Celtic Sea and Bay of Biscay (STECF-11-13). Cadiz, Spain: 26â€“30 September 2011.

%Council Regulation (EU) No 39/2013 of 21 January 2013 fixing for 2013 the fishing opportunities available to EU vessels for certain fish stocks and groups of fish stocks which are not subject to international negotiations or agreements

@misc{COM201339,
  title = {Fixing for 2013 the fishing opportunities available to {EU} vessels for certain fish stocks and groups of fish stocks which are not subject to international negotiations or agreements},
  author = {{Council Regulation (EU) No 39/ 2013}},
  howpublished = {\url{http://eur-lex.europa.eu}},
  year = {21 January 2013}
}

@misc{hsAus,
  title = {Commonwealth Fisheries Harvest Strategy, Policy and Guidelines},
  author = {{Department of Agriculture, Fisheries and Forestry of the Australian Government}},
  howpublished = {\url{http://www.daff.gov.au/fisheries/domestic/harvest\_strategy\_policy}},
  year = {September 2007}
}

@misc{hsNz,
  title = {Harvest Strategy Standard for New Zealand Fisheries},
  author = {{Ministry of Fisheries of the New Zealand Government}},
  howpublished = {\url{http://fs.fish.govt.nz/Page.aspx?pk=104}},
  year = {October 2008}
}

@misc{CFP,
  title = {Regulation on the conservation and sustainable exploitation of fisheries resources under the Common Fisheries Policy},
  author = {European Council},
  howpublished = {\url{http://eur-lex.europa.eu/LexUriServ/LexUriServ.do?uri=CELEX:32002R2371:EN:NOT}},
  year = {20 December 2002}
}

@misc{SMAUSA,
  title = {Magnuson-Stevens Fishery Conservation and Management Reauthorization Act of 2006},
  author = {U.S. Governement Public Law 109 - 479},
  howpublished = {\url{http://www.gpo.gov/fdsys/pkg/PLAW-109publ479}},
  year = {12 January 2007}
}

@misc{DCF,
  title = {Regulation concerning the establishment of a Community framework for the collection, management and use of data in the fisheries sector and support for scientific advice regarding the Common Fisheries Policy},
  author = {European Council Regulation (EC) No 199/2008},
  howpublished = {\url{http://eurlex.europa.eu/LexUriServ/LexUriServ.do?uri=CELEX:32008R0199:EN:NOT}},
  year = {25 February 2008}
}

@misc{nzObs,
  title = {Observer Programme},
  author = {{Ministry of Agriculture and Fisheries of the New Zealand}},
  howpublished = {\url{http://fs.fish.govt.nz}},
  year = {June 1985}
}

@ARTICLE{Aarts_Poos.2009,
  author = {Aarts, G. and Poos, JJ},
  title = {Comprehensive discard reconstruction and abundance estimation using flexible selectivity functions},
  journal = ICESJMS,
  year = {2009},
  volume = {66},
  pages = {763--771},
  number = {4},
  publisher = {Oxford University Press}
}

@article{beddington2007current,
  title={Current problems in the management of marine fisheries},
  author={Beddington, John R and Agnew, David J and Clark, Colin W},
  journal={science},
  volume={316},
  number={5832},
  pages={1713--1716},
  year={2007},
  publisher={American Association for the Advancement of Science}
}

@BOOK{Beverton_Holt.1957,
  title = {On the dynamics of exploited fish populations},
  publisher = {Springer},
  year = {1957},
  author = {Beverton, R.J.H. and Holt, S.J.},
  volume = {11}
}

@ARTICLE{Bogaards_Kraak.2009,
  author = {Bogaards, J.A. and Kraak, S. and Rijnsdorp, A.D.},
  title = {Bayesian survey-based assessment of North Sea plaice (Pleuronectes
	platessa): extracting integrated signals from multiple surveys},
  journal = ICESJMS,
  year = {2009},
  volume = {66},
  pages = {665--679},
  number = {4},
  publisher = {Oxford University Press}
}

@article{buckland1997model,
  title={Model selection: an integral part of inference},
  author={Buckland, Steven T and Burnham, Kenneth P and Augustin, Nicole H},
  journal={Biometrics},
  pages={603--618},
  year={1997},
  publisher={JSTOR}
}

@article{bull2005casal,
  title={{CASAL} ({C}++ algorithmic stock assessment laboratory): {CASAL} user manual v2},
  author={Bull, B and Francis, RICC and Dunn, A and McKenzie, A and Gilbert, DJ and Smith, MH and Bian, R},
  year={2005},
  journal = {NIWA Technical Report},
  number = {127},
  institution={NIWA, Private Bag 14901, Kilbirnie, Wellington, New Zealand},
  publisher={07--2005/08}
}

@book{burnham2002model,
  title={Model selection and multi-model inference: a practical information-theoretic approach},
  author={Burnham, Kenneth P and Anderson, David R},
  year={2002},
  publisher={Springer}
}

@book{chambers1992statistical,
  title={Statistical models in S},
  author={Chambers, John M and Hastie, Trevor and others},
  year={1992},
  publisher={Chapman \& Hall London}
}

@book{cleveland1993visualizing,
  title={Visualizing data},
  author={Cleveland, William S},
  year={1993},
  publisher={Hobart Press}
}

@article{cook2013fish,
  title={A fish stock assessment model using survey data when estimates of catch are unreliable},
  author={RM Cook},
  journal={Fisheries Research},
  volume={143},
  pages={1--11},
  year={2013},
  publisher={Elsevier}
}

@article{dell2012magnuson,
  title={The Magnuson--Stevens act (1976) and its reauthorizations: Failure or success for the implementation of fishery sustainability and management in the US?},
  author={Dell'Apa, Andrea and Schiavinato, Lisa and Rulifson, Roger A},
  journal={Marine Policy},
  volume={36},
  number={3},
  pages={673--680},
  year={2012},
  publisher={Elsevier}
}


@article{fournier1982general,
  title={A general theory for analyzing catch at age data},
  author={Fournier, David and Archibald, Chris P},
  journal={Canadian Journal of Fisheries and Aquatic Sciences},
  volume={39},
  number={8},
  pages={1195--1207},
  year={1982},
  publisher={NRC Research Press}
}

@ARTICLE{Fournier.2012,
  author = {Fournier, D.A. and Skaug, H.J. and Ancheta, J. and Ianelli, J. and
	Magnusson, A. and Maunder, M.N. and Nielsen, A. and Sibert, J.},
  title = {{AD} {M}odel {B}uilder: using automatic differentiation for statistical
	inference of highly parameterized complex non-linear models},
  journal = {Optimization Methods and Software},
  year = {2012},
  volume = {27},
  pages = {233--249},
  number = {2},
  publisher = {Taylor \& Francis}
}


@misc{froesefishbase2013,
   author = {Froese, R. and Pauly, D. and Editors},
   title = {{F}ish{B}ase. {W}orld {W}ide {W}eb electronic publication.},
   year = {2013},
   url = {www.fishbase.org},
   note = {version (02/2013)}
 }
 
 
 @misc{europeanatlas,
   author = {Anon.},
   title = {{F}ish{B}ase. {W}orld {W}ide {W}eb electronic publication.},
   year = {2013},
   url = {www.fishbase.org},
   note = {version (02/2013)}
 }
 
%http://ec.europa.eu/maritimeaffairs/atlas/index_en.htm 
 
 
@ARTICLE{Fryer.2001,
  author = {Fryer, R J},
  title = {{TSA}: is it the way},
  journal = {Working Document to the ICES Working Group on Methods of Fish Stock
	Assessments, Copenhagen},
  year = {2001}
}

@ARTICLE{Gavaris.1988,
  author = {Gavaris, S.},
  title = {An adaptive framework for the estimation of population size},
  journal = {CAFSAC Res. Doc},
  year = {1988},
  pages = {12},
  number = {29},
  publisher = {Canadian Atlantic Fisheries Scientific Advisory Committee}
}

@article{green1995reversible,
  title={Reversible jump {M}arkov chain {M}onte {C}arlo computation and {B}ayesian model determination},
  author={Green, Peter J},
  journal={Biometrika},
  volume={82},
  number={4},
  pages={711--732},
  year={1995},
  publisher={Biometrika Trust}
}

@ARTICLE{Gudmundsson.1994,
  author = {Gudmundsson, G.},
  title = {Time series analysis of catch-at-age observations},
  journal = {Applied Statistics},
  year = {1994},
  pages = {117--126},
  publisher = {JSTOR}
}

@ARTICLE{gullandF0.1,
  author = {Gulland, J. A. and Boerema, L. K.},
  title = {Scientific advice on catch levels},
  journal = {Fishery Bulletin},
  year = {1973},
  volume = {71(2)},
  pages = {325-335},
  owner = {gamitjo},
  timestamp = {2013.03.06}
}

@article{hilborn1992quantitative,
  title={Quantitative fisheries stock assessment: choice, dynamics and uncertainty},
  author={Hilborn, Raymond and Walters, Carl J and others},
  journal={Reviews in Fish Biology and Fisheries},
  volume={2},
  number={2},
  pages={177--178},
  year={1992},
  publisher={Springer}
}

@ARTICLE{Hirst_ZZ.2004,
  author = {Hirst, D. and Aanes, S. and Storvik, G. and Huseby, R. B. and Tvete,
	I. F.},
  title = {Estimating catch at age from market sampling data by using a {B}ayesian
	hierarchical model},
  journal = {Journal of the Royal Statistical Society: Series C (Applied Statistics)},
  year = {2004},
  volume = {53},
  pages = {1--14},
  number = {1},
  publisher = {Wiley Online Library}
}

@article{hoeting1999bayesian,
  title={Bayesian model averaging: a tutorial},
  author={Hoeting, Jennifer A and Madigan, David and Raftery, Adrian E and Volinsky, Chris T},
  journal={Statistical science},
  pages={382--401},
  year={1999},
  publisher={JSTOR}
}


@article{ices2012wgnssk,
  title={{Report of the Working Group on the Assessment of Demersal Stocks in the North Sea and Skagerrak (WGNSSK)}},
  author={ICES},
  journal={ICES CM 2012/ACOM},
  pages={1385pp}, 
  volume={13},
  year={2012}
}
%plaice in pages 445--460

@article{ices2012ibts,
  title={{Report of the International Bottom Trawl Survey Working Group (IBTSWG)}},
  author={ICES},
  journal={ICES CM 2012/SSGESST},
  volume={03},
  pages={158pp}, 
  year={2012}
}

@article{ices2012wklife,
  title={{Report of the Workshop on the Development of Assessments based on LIFE history traits and Exploitation Characteristics (WKLIFE)}},
  author={ICES},
  journal={ICES CM 2012/ACOM},
  pages={122pp}, 
  volume={36},
  year={2012}
}

@book{jones1993longitudinal,
  title={Longitudinal data with serial correlation: a state-space approach},
  author={Jones, Richard H},
  volume={47},
  year={1993},
  publisher={Chapman \& Hall/CRC}
}

@article{kell2007flr,
  title={{FLR}: an open-source framework for the evaluation and development of management strategies},
  author={Kell, Laurence T and Mosqueira, I and Grosjean, P and Fromentin, Jean-Marc and Garcia, D and Hillary, R and Jardim, E and Mardle, S and Pastoors, MA and Poos, JJ and others},
  journal=ICESJMS,
  volume={64},
  number={4},
  pages={640--646},
  year={2007},
  publisher={Oxford University Press}
}

@ARTICLE{Kell_Oritz.2011,
  author = {Kell, L. T. and Ortiz, M.},
  title = {A COMPARISON OF STATISTICAL AGE ESTIMATION AND AGE SLICING FOR ATLANTIC
	BLUEFIN TUNA (THUNNUS THYNNUS)},
  journal = {Collect. Vol. Sci. Pap. ICCAT},
  year = {2011},
  volume = {66},
  pages = {948--955},
  number = {2}
}

@book{king2009bayesian,
  title={Bayesian analysis for population ecology},
  author={King, Ruth},
  year={2009},
  publisher={Chapman \& Hall/CRC}
}

@ARTICLE{Laurec_Shepherd.1983,
  author = {Laurec, A. and Shepherd, J. G.},
  title = {On the analysis of catch and effort data},
  journal = ICESJMS,
  year = {1983},
  volume = {41},
  pages = {81--84},
  number = {1},
  publisher = {Oxford University Press}
}

@article{magnusson2007makes,
  title={What makes fisheries data informative?},
  author={Magnusson, Arni and Hilborn, Ray},
  journal={Fish and Fisheries},
  volume={8},
  number={4},
  pages={337--358},
  year={2007},
  publisher={Wiley Online Library}
}

@article{maunder2012review,
  title={A review of integrated analysis in fisheries stock assessment},
  author={Maunder, M.N. and Punt, A.E.},
  journal={Fisheries Research},
  year={2012},
  publisher={Elsevier}
}

@article{mesnil2010continuous,
  title={A continuous hockey stick stock--recruit model for estimating MSY reference points},
  author={Mesnil, Benoit and Rochet, Marie-Jo{\"e}lle},
  journal={ICES Journal of Marine Science: Journal du Conseil},
  volume={67},
  number={8},
  pages={1780--1784},
  year={2010},
  publisher={Oxford University Press}
}

@ARTICLE{Methot_Wetzel.2012,
  author = {Methot Jr, R. D. and Wetzel, C. R.},
  title = {Stock {S}ynthesis: a biological and statistical framework for fish
	stock assessment and fishery management},
  journal = {Fisheries Research},
  year = {2012},
  publisher = {Elsevier}
}

@article{minto2008survival,
  title={Survival variability and population density in fish populations},
  author={Minto, Coil{\'\i}n and Myers, Ransom A and Blanchard, Wade},
  journal={Nature},
  volume={452},
  number={7185},
  pages={344--347},
  year={2008},
  publisher={Nature Publishing Group}
}

@article{needle2001recruitment,
  title={Recruitment models: diagnosis and prognosis},
  author={Needle, Coby L},
  journal={Reviews in Fish Biology and Fisheries},
  volume={11},
  number={2},
  pages={95--111},
  year={2001},
  publisher={Springer}
}

@ARTICLE{Nelder.1965,
  author = {Nelder, J. A.},
  title = {The Analysis of Randomized Experiments with Orthogonal Block Structure.
	I. Block Structure and the Null Analysis of Variance},
  journal = {Proceedings of the Royal Society of London. Series A. Mathematical
	and Physical Sciences},
  year = {1965},
  volume = {283},
  pages = {147-162},
  number = {1393},
  doi = {10.1098/rspa.1965.0012},
  eprint = {http://rspa.royalsocietypublishing.org/content/283/1393/147.full.pdf+html},
  url = {http://rspa.royalsocietypublishing.org/content/283/1393/147.abstract}
}


@ARTICLE{osio2012historical,
  author = {Osio, G. C.},
  title = {The historical fisheries in the {M}editerranean {S}ea: a reconstruction of trawl gear, effort and trends in demersal fish stocks},
  journal = {PhD dissertation, University of New Hampshire, USA, September 2012},
  year = {2012}
}

@ARTICLE{Poos_Aarts.2012,
  author = {Poos, J. J. and Aarts, G. and Vandemaele, S. and Willems, W. and Bolle,
	L. J. and van Helmond, A. T. M.},
  title = {Estimating spatial and temporal variability of juvenile {N}orth {S}ea
	plaice from opportunistic data},
  journal = {Journal of Sea Research},
  year = {2012},
  publisher = {Elsevier}
}

@ARTICLE{Poos_Rijnsdorp.2007,
  author = {Poos, J. J. and Rijnsdorp, A. D.},
  title = {An" experiment" on effort allocation of fishing vessels: the role
	of interference competition and area specialization},
  journal = {Canadian Journal of Fisheries and Aquatic Sciences},
  year = {2007},
  volume = {64},
  pages = {304--313},
  number = {2},
  publisher = {NRC Research Press}
}

@ARTICLE{Pope.1972,
  author = {Pope, J. G.},
  title = {An investigation of the accuracy of virtual population analysis using
	cohort analysis},
  journal = {Int Comm Northwest Atl Fish Res Bull},
  year = {1972},
  volume = {9},
  pages = {65--74}
}

@article{punt2007developing,
  title={Developing management procedures that are robust to uncertainty: lessons from the International Whaling Commission},
  author={Punt, Andr{\'e} E and Donovan, Greg P},
  journal={ICES Journal of Marine Science: Journal du Conseil},
  volume={64},
  number={4},
  pages={603--612},
  year={2007},
  publisher={Oxford University Press}
}

@BOOK{quinn1999quantitative,
  title={Quantitative fish dynamics},
  author={Quinn, Terrance J and Deriso, Richard B},
  year={1999},
  publisher={Oxford University Press, USA}
}


@MANUAL{R,
  title = {R: A Language and Environment for Statistical Computing},
  author = {{R Development Core Team}},
  organization = {R Foundation for Statistical Computing},
  address = {Vienna, Austria},
  year = {2013},
  note = {{ISBN} 3-900051-07-0},
  url = {http://www.R-project.org/}
}

@article{ricard2011examining,
  title={Examining the knowledge base and status of commercially exploited marine species with the RAM Legacy Stock Assessment Database},
  author={Ricard, Daniel and Minto, C{\'o}il{\'\i}n and Jensen, Olaf P and Baum, Julia K},
  journal={Fish and Fisheries},
  year={2011},
  publisher={Wiley Online Library}
}

@ARTICLE{Ricker.1954,
  author = {Ricker, W. E.},
  title = {Stock and recruitment},
  journal = {Journal of the Fisheries Board of Canada},
  year = {1954},
  volume = {11},
  pages = {559--623},
  number = {5},
  publisher = {NRC Research Press}
}

@ARTICLE{Rogers_ZZ.1997,
  author = {Rogers, S. I. and Damm, U. and Piet, G. J. and Rijnsdorp, A. D. and Vanhee,
	W.},
  title = {Description and evaluation of the international beam trawl surveys
	of the {E}uropean continental shelf},
  journal = {ICES Document},
  year = {1997}
}

@BOOK{Rue_Held.2005,
  title = {Gaussian {M}arkov Random Fields: {T}heory and Applications},
  publisher = {Chapman \& Hall},
  year = {2005},
  author = {H. Rue and L. Held},
  volume = {104},
  series = {Monographs on Statistics and Applied Probability},
  address = {London}
}

@MANUAL{INLA.2009,
  title = {INLA: Functions which allow to perform a full {B}ayesian analysis of
	structured (geo-)additive models using {I}ntegrated {N}ested {L}aplace
	{A}pproximaxion},
  author = {Havard Rue and Sara Martino and Finn Lindgren},
  year = {2009},
  note = {R package version 0.0}
}

@ARTICLE{Schaefer.1954,
  author = {Schaefer, M. B.},
  title = {Some aspects of the dynamics of populations important to the management
	of the commercial marine fisheries},
  journal = {Bullatin Inter-American Tropical Tuna Commission},
  year = {1954},
  volume = {1},
  pages = {27-56}
}

@article{schwarz1978estimating,
  title={Estimating the dimension of a model},
  author={Schwarz, Gideon},
  journal={The annals of statistics},
  volume={6},
  number={2},
  pages={461--464},
  year={1978},
  publisher={Institute of Mathematical Statistics}
}

@ARTICLE{Shepherd.1999,
  author = {Shepherd, J. G.},
  title = {Extended survivors analysis: An improved method for the analysis
	of catch-at-age data and abundance indices},
  journal = ICESJMS,
  year = {1999},
  volume = {56},
  pages = {584-591},
  number = {5},
  doi = {10.1006/jmsc.1999.0498},
  eprint = {http://icesjms.oxfordjournals.org/content/56/5/584.full.pdf+html},
  url = {http://icesjms.oxfordjournals.org/content/56/5/584.abstract}
}

@article{stasinopoulos2007generalized,
  title={Generalized additive models for location scale and shape (GAMLSS) in R},
  author={Stasinopoulos, D Mikis and Rigby, Robert A},
  journal={Journal of Statistical Software},
  volume={23},
  number={7},
  pages={1--46},
  year={2007}
}

@article{wald1943tests,
  title={Tests of statistical hypotheses concerning several parameters when the number of observations is large},
  author={Wald, Abraham},
  journal={Transactions of the American Mathematical Society},
  pages={426--482},
  year={1943},
  publisher={JSTOR}
}

@ARTICLE{Webb_ZZ.2001,
  author = {Webb, J. H. and Fryer, R. J. and Taggart, J. B. and Thompson, C. E. and Youngson,
	A. F.},
  title = {Dispersion of {A}tlantic salmon (\textit{{S}almo salar}) fry from competing families
	as revealed by {DNA} profiling},
  journal = {Canadian Journal of Fisheries and Aquatic Sciences},
  year = {2001},
  volume = {58},
  pages = {2386--2395},
  number = {12},
  publisher = {NRC Research Press}
}

@ARTICLE{Wilkinson_Rogers.1973,
  author = {Wilkinson, G. N. and Rogers, C. E.},
  title = {Symbolic description of factorial models for analysis of variance},
  journal = {Applied Statistics},
  year = {1973},
  pages = {392--399},
  publisher = {JSTOR}
}

@article{wilks1938large,
  title={The large-sample distribution of the likelihood ratio for testing composite hypotheses},
  author={Wilks, Samuel S},
  journal={The Annals of Mathematical Statistics},
  pages={60--62},
  year={1938},
  publisher={JSTOR}
}

@BOOK{Wood.2006,
  title = {Generalized Additive Models: An Introduction with {R}},
  publisher = {Chapman and Hall/CRC},
  year = {2006},
  author = {S. N. Wood}
}

@ARTICLE{Wood.2011,
  author = {S. N. Wood},
  title = {Fast stable restricted maximum likelihood and marginal likelihood
	estimation of semiparametric generalized linear models},
  journal = {Journal of the Royal Statistical Society (B)},
  year = {2011},
  volume = {73},
  pages = {3-36},
  number = {1}
}

@ARTICLE{Wood.2004,
  author = {S. N. Wood},
  title = {Stable and efficient multiple smoothing parameter estimation for
	generalized additive models},
  journal = {Journal of the American Statistical Association},
  year = {2004},
  volume = {99},
  pages = {673-686},
  number = {467}
}

@ARTICLE{Wood.2003,
  author = {S. N. Wood},
  title = {Thin-plate regression splines},
  journal = {Journal of the Royal Statistical Society (B)},
  year = {2003},
  volume = {65},
  pages = {95-114},
  number = {1}
}

@ARTICLE{Wood.2000,
  author = {S. N. Wood},
  title = {Modelling and smoothing parameter estimation with multiple quadratic
	penalties},
  journal = {Journal of the Royal Statistical Society (B)},
  year = {2000},
  volume = {62},
  pages = {413-428},
  number = {2}
}

@article{zhang2013model,
  title={Model averaging by jackknife criterion in models with dependent data},
  author={Zhang, Xinyu and Wan, Alan T. K. and Zou, Guohua},
  journal={Journal of Econometrics},
  year={2013},
  publisher={Elsevier}
}

@article{_future_2013,
	title = {The future of publishing: A new page},
	author = {Anon.},
	volume = {495},
	number = {7442},
	year = {2013},
	journal = {Nature},
	pages = {425--425}
}

@article{_community_2008,
	title = {Community cleverness required},
	author = {Anon.},
	volume = {455},
	number = {7209},
	journal = {Nature},
	year = {2008},
	pages = {1--1}
}

@article{_datas_2009,
	title = {Data's shameful neglect},
	author = {Anon.},
	volume = {461},
	number = {7261},
	journal = {Nature},
	year = {2009},
	pages = {145--145}
}

@article{staff_challenges_2011,
	title = {Challenges and Opportunities},
	volume = {331},
	number = {6018},
	journal = {Science},
	author = {Anon.},
	year = {2011},
	pages = {692--693}
}

@article{jasny_again_2011,
	title = {Again, and Again, and Again â€¦},
	volume = {334},
	number = {6060},
	journal = {Science},
	author = {Jasny, Barbara R. and Chin, Gilbert and Chong, Lisa and Vignieri, Sacha},
	year = {2011},
	pages = {1225--1225},
}

@article{punt_WCMSE_2007,
	title = {Developing management procedures that are robust to uncertainty: lessons from the International Whaling Commission},
	journal = {{ICES} J. Mar. Sci.},
	author = {Punt, Andre E. and Donovan, Greg P.},
	year = {2007},
	pages = {603--612}
}
